<?xml version="1.0" encoding="UTF-8"?><collection xmlns="http://www.loc.gov/MARC21/slim"><record><leader>00609nam--2200181-u-4500</leader><controlfield tag="001">000052226</controlfield><controlfield tag="002">20161230</controlfield><controlfield tag="005">20161230201050</controlfield><controlfield tag="008">100527s1000------------r-----000-0-eng-d</controlfield><datafield ind1=" " ind2=" " tag="040"><subfield code="a">IFIN-HH</subfield></datafield><datafield ind1="1" ind2=" " tag="100"><subfield code="a">Stempell, Dieter</subfield></datafield><datafield ind1="1" ind2="0" tag="245"><subfield code="a">A Programmed Introduction to the Theory of Probability</subfield><subfield code="c">Dieter Stempell; Translated by George L. Baurley</subfield></datafield><datafield ind1=" " ind2=" " tag="250"><subfield code="a">First Printing</subfield></datafield><datafield ind1=" " ind2=" " tag="260"><subfield code="a">Berlin</subfield><subfield code="b">Verlag Die Wirtschaft</subfield><subfield code="c">1973</subfield></datafield><datafield ind1=" " ind2=" " tag="300"><subfield code="a">168 p</subfield></datafield><datafield ind1=" " ind2=" " tag="500"><subfield code="a">Titlul original in limba germana: Programmierte Einfuhrung in die Wahrscheinlichkeitsrechnung</subfield></datafield><datafield ind1=" " ind2=" " tag="852"><subfield code="a">42298</subfield><subfield code="c">519.2</subfield></datafield><datafield ind1=" " ind2=" " tag="CAT"><subfield code="a">Sys</subfield><subfield code="c">20100527</subfield><subfield code="h">125743</subfield></datafield></record></collection>